@unpublished{hd,
	Author = {Kaiser, R and Eberl, T},
	Note = {Beech forests between mount Hohe Dirn and Sonnkogel (Upper Austria, Austria) },
	Title = {Hohe Dirn},
	Year = {2013}}
