@unpublished{sf,
	Author = {Kaiser, R},
	Note = {Thermophilous forest at mount Staufen (Bavaria, Germany)},
	Title = {Staufen},
	Year = {2015}}
