@article{Hartl1974,
	Author = {Hartl, H},
	Journal = {Carinthia II},
	Pages = {293-298},
	Title = {Zur Ökologie und Soziologie des Kobresietum simpliciusculae in der Großfragant (Mölltal, Hohe Tauern)},
	Volume = {164},
	Year = {1974},
	Url = {http://www.zobodat.at/stable/pdf/CAR_164_84_0293-0298.pdf}
}


