@Unpublished{an,
  author = {R Kaiser and T Eberl},
  year = {2011},
  note = {Alpine tundra, krummholz and vegetation on ski-slopes at mount Aineck (Salzburg, Austria)},
  title = {Aineck},
}

@Unpublished{aw,
  author = {R Kaiser and T Eberl},
  note = {Rock and forest vegetation around Alte Wacht in the Gasteinertal, (Salzburg, Austria)},
  title = {Alte Wacht},
  year = {2011-2014},
}

@Unpublished{aa,
  author = {R Kaiser and T Eberl},
  year = {2011},
  note = {Meadows around Wolfgang Amadeus Airport (Salzburg, Austria)},
  title = {Amadeus airport},
}

@Unpublished{Staudinger002,
  author = {M Staudinger},
  institution = {Im Auftrag des Amts der Oberösterreichischen Landesregierung},
  keywords = {vegsoup-data, tvcode002},
  note = {Kartierungen im Rahmen des Artenschutzprojektes für Gefäßpflanzen Oberösterreich},
  title = {Artenschutzprojekt Oberösterreich},
  year = {2011-2013},
}

@Unpublished{bb,
  author = {R Kaiser and T Eberl},
  keywords = {vegsoup-data},
  note = {Meadows in Bad Bruck municiplaity of Bad Gastein (Salzburg, Austria)},
  title = {Bad Bruck},
  year = {2010},
}

@Unpublished{bs,
  author = {R Kaiser and T Eberl},
  keywords = {vegsoup-data},
  note = {Rock vegetation on peaks Kleiner Barmstein and Großer Barmstein (Salzburg, Austria)},
  title = {Barmstein},
  year = {2009-2012},
}

@Unpublished{bg,
  author = {R Kaiser and T Eberl},
  note = {Grasslands in the Nationalpark Berchtesgaden (Bavaria, Germany)},
  title = {Berchtesgaden},
  year = {2009},
}

@Unpublished{bi,
  author = {R Kaiser and T Eberl},
  note = {Acidophilous mixed and pure conferious forest on hill Bitzenberg (Upper Austria, Austria)},
  title = {Bitzenberg},
  year = {2007},
}

@Unpublished{bh,
  author = {R Kaiser and T Eberl},
  note = {Dry rocky grassland in the Salzach valley near Duttendorf (Upper Austria, Austria)},
  title = {Burghausen},
  year = {2007},
}

@Unpublished{bu,
  author = {R Kaiser},
  note = {Rock shrubery on rock Bugstall near Pürg (Styria, Austria)},
  title = {Burgstall},
  year = {2007},
}

@Unpublished{bm,
  author = {R Kaiser},
  note = {Wet meadows on cut-over peatland in the Bürmooser Moor protected area (Salzburg, Austria)},
  title = {Bürmoos},
  year = {2007-2013},
}

@Book{Chytry1995,
  address = {Praha},
  author = {M. Chytr{\a`y} and J. Vicherek},
  location = {Praha},
  publisher = {Academia},
  title = {Lesní vegetace Národního parku Podyjí/Thayatal. Die Waldvegetation des Nationalparks Podyjí/Thayatal},
  year = {1995},
}

@Article{Chytry1996,
  author = {M Chytr{\a`y} and J Vicherek},
  issn = {0231-603X},
  journal = {Přírodovědný sborník Západomoravského muzea v Třebíči},
  title = {Přirozená a polopřirozená vegetace údolí řek Oslavy, Jihlavy a Rokytné},
  volume = {22},
  year = {1996},
}

@Article{Chytry1997,
  author = {M Chytr{\a`y} and S{\a'a}dlo J},
  journal = {Annali di Botanica},
  pages = {105-126},
  title = {Tilia-dominated calcicolous forests in the Czech Republic from a Central European perspective},
  volume = {55},
  year = {1997},
}

@Unpublished{ds,
  author = {R Kaiser},
  note = {Alpine grasslands and tundra on the Dachstein massif (Upper Austria, Austria)},
  title = {Dachstein},
  year = {2007},
}

@Article{Diewald2005,
  author = {W Diewald and A Merschel and V Schleier and M Sichler},
  journal = {Beiträge zur Naturkunde Oberösterreichs},
  pages = {397-409},
  title = {Carex maritima Gunnerus, Ranunculus seguieri Villars und andere floristische Beobachtungen aus der Gemeinde Hinterstoder (Oberösterreich)},
  volume = {14},
  year = {2005},
}

@Article{Dirnboeck1997,
  author = {T Dirnb{\"o}ck and J Greimler},
  journal = {Linzer biologische Beiträge},
  number = {1},
  pages = {299-339},
  title = {Subalpin-alpine Vegetationskartierung der Raxalpe, nordöstliche Kalkalpen Vegetationskarte 1 : 12.500},
  volume = {29},
  year = {1997},
}

@Article{Dirnboeck1997Corrigendium,
  author = {T Dirnb{\"o}ck and J Greimler},
  journal = {Linzer biologische Beiträge},
  number = {2},
  pages = {623-640},
  title = {Subalpin-alpine Vegetationskartierung der Raxalpe, nordöstliche Kalkalpen Vegetationskarte 1 : 12.500 Ergänzung zu Linzer biol. Beitr. 29/1: 299-339},
  volume = {29},
  year = {1997},
}

@Unpublished{Staudinger010,
  author = {M Staudinger},
  institution = {im Auftrag der via Donau -- {\"O}sterreichische Wasserstra{\ss}en GmbH und des Nationalparks Donauauen},
  keywords = {vegsoup-data, tvcode010},
  note = {Kartierung der FFH-Lebensraumtypen innerhalb des Donauschutzdamms im Nationalpark Donauauen zwischen Eckartsau und Engelhartstetten und im Baulos 1 im Rahmen des Premonitoring zum flu{\ss}baulichen Gesamtprojekt Donau {\"o}stlich von Wein},
  title = {Nationalpark Donauauen},
  year = {2010},
}

@Unpublished{Staudinger102,
  author = {M Staudinger},
  institution = {im Auftrag der via Donau -- {\"O}sterreichische Wasserstra{\ss}en GmbH},
  keywords = {vegsoup-data, tvcode102},
  note = {Kartierungst{\"a}tigkeit im Rahmen des Projektes „Sanierung Marchfeldschutzdamm {\"U}berstr{\"o}mstrecke Stopfenreuth und anschlie{\ss}ende Dammsysteme -- Naturschutz- und Nationalparkrechtliche Einreichung``},
  title = {Marchfeldschutzdamm},
  year = {2014},
}

@MastersThesis{Dullnig1989,
  author = {K Dullnig},
  school = {Karl-Franzens University Graz},
  title = {Quellflurgesellschaften im Nationalpark Nockberge},
  year = {1989},
}

@Article{Eberl2009,
  author = {T Eberl and R Kaiser},
  journal = {Tuexenia-Beihefte},
  pages = {111-145},
  title = {Über die Vegetation des Bockhart-Tales in Bad Gastein},
  volume = {2},
  year = {2009},
}

@MastersThesis{Eckkrammer2003,
  author = {M U Eckkrammer},
  school = {University of Salzburg},
  title = {Areale und Standorte von Gebirgspflanzen: Pflanzen in der montanen Stufe des Salzburger Alpenvorlandes und Umgebung},
  year = {2003},
}

@MastersThesis{Hlousek1998,
  author = {R Hlousek},
  school = {University of Salzburg},
  title = {Vegetationsökologie und Wuchsverhalten von ausgewählten Pflanzen an Felsstandorten},
  year = {1998},
}

@MastersThesis{Kaiser1983,
  author = {K Kaiser},
  school = {University of Salzburg},
  title = {Die Vegetationsverhältnisse des Schafberggebietes},
  year = {1983},
}

@MastersThesis{Geyer1993,
  author = {S Geyer},
  school = {University of Salzburg},
  title = {Felsspaltengesellschaften in der Montanstufe auf Kalk und Dolomit},
  year = {1993},
}

@Article{Lippert1966,
  author = {W Lippert},
  journal = {Berichte der Bayerischen Botanischen Gesellschaft},
  pages = {67-122},
  title = {Die Pflanzengesellschaften des Naturschutzgebietes Berchtesgaden},
  volume = {39},
  year = {1966},
}

@Unpublished{Eichberger1993,
  author = {C Eichberger},
  note = {56602-0058, 56602-0073},
  title = {Biotopkartierung Salzburg},
  year = {1993},
}

@Unpublished{Eichberger2001,
  author = {? {Eichberger  C & Frank}},
  note = {56102-0130},
  title = {Biotopkartierung Salzburg},
  year = {1993},
}

@Unpublished{Grabner1994,
  author = {S Grabner and P Heiselmayer},
  note = {56109-0034},
  title = {Biotopkartierung Salzburg},
  year = {1998},
}

@Unpublished{el,
  author = {R Kaiser and T Eberl},
  note = {Alluvial hard wood forest along the Traun river near Edt bei Lambach (Upper Austria, Austria)},
  title = {Edt bei Lambach},
  year = {2007},
}

@Unpublished{ew,
  author = {R Kaiser and T Eberl},
  note = {Acidophilous mixed and pure conferious forest at Edtwald near village Freinberg (Upper Austria , Austria)},
  title = {Edtwald},
  year = {2007},
}

@Unpublished{Staudinger009,
  author = {M Staudinger},
  institution = {im Auftrag der ILF Beratende Ingenieure ZT GmbH},
  keywords = {vegsoup-data, tvcode009},
  note = {Kartierung naturschutzfachlich wertvoller Lebensräume entlang des Trassenkorridors der »WAG-II Gaspipeline« zwischen Enzersfeld und Sierning, sowie Erstellung der Naturschutzfachlichen Einreichung, Abschnitt Vegetation und Lebensräume},
  title = {Enzersfeld},
  year = {2010-2014},
}

@Article{Erschbamer1992,
  author = {B Erschbamer},
  journal = {Phytocoenologia},
  pages = {91-116},
  title = {Zwei neue Gesellschaften mit Krummseggen (Carex curvula ssp. rosae, Carex curvula ssp. curvula) aus den Alpen - ein Beitrag zur Klärung eines alten ökologischen Rätsels},
  volume = {21},
  year = {1992},
}

@Article{Exner2004,
  author = {A Exner and W Willner},
  journal = {Haquetia},
  number = {1},
  pages = {27-47},
  title = {New syntaxa of shrub and pioneer forest communities in Asutria},
  volume = {3},
  year = {2004},
}

@Unpublished{fb,
  author = {T Eberl},
  keywords = {vegsoup-data},
  note = {Alpine grasslands near house Fallbichl next to the Großglockner Hochalpenstrasse (Carinthia, Austria)},
  title = {Fallbichl},
  year = {2010},
}

@Unpublished{Staudinger022,
  author = {M Staudinger},
  institution = {im Auftrag der Gemeinde Fischamend},
  keywords = {vegsoup-data, tvcode022},
  note = {Naturschutzfachliche Beurteilung für den Donauhochwasserschutz Fischamend},
  title = {Fischamend},
  year = {2008},
}

@Unpublished{fv,
  author = {R Kaiser and T Eberl},
  note = {Rocky steppe around ruine Emmerberg (Lower Austria, Austria)},
  title = {Fischauer Vorberge},
  year = {2011},
}

@Article{Franz2000,
  author = {W R Franz},
  journal = {Wulfenia},
  pages = {57-81},
  title = {Die Gesellschaft der Starren Segge und der Alpenazalee (Carici bigelowii-Loiseleurietum procumbentis ass. nov.) -- Eine Zwergstrauch-Reliktgesellschaft der Saualpe und der Seetaler Alpen (Kärnten/Steiermark)},
  volume = {7},
  year = {2000},
}

@Unpublished{fk,
  author = {R Kaiser},
  note = {Alpine grassslands at mount Frommer Kogel south of the Tennengebirge massif (Salzburg, Austria)},
  title = {Frommer Kogel},
  year = {2011},
}

@Unpublished{fu,
  author = {T Eberl},
  note = {Beech forests and restoration sites on the pass between Fuschl See and Wolfgang See (Salzburg, Austria)},
  title = {Fuschl},
  year = {2008},
}

@Unpublished{gb,
  author = {R Kaiser},
  note = {Rock shurbery and forest on mount Gaisberg (Salzburg, Austria)},
  title = {Gaisberg},
  year = {2011-2012},
}

@Unpublished{gk,
  author = {R Kaiser},
  note = {Alpine Tundra at mount Gernkogel (Salzburg, Austria)},
  title = {Gernkogel},
  year = {2012},
}

@Unpublished{gm,
  author = {R Kaiser and T Eberl},
  note = {Forests and meadows at hill Gmundner Berg near Gmunden (Salzburg, Austria)},
  title = {Gmunden},
  year = {2008},
}

@Article{Griehser1993,
  author = {B Griehser and H Wittmann},
  journal = {Wissenschaftliche Mitteilungen aus dem Nationalpark Hohe Tauern (österreich)},
  pages = {64-71},
  title = {Braya alpina - floristischer Neufund für das Bundesland Salzburg (österreich)},
  volume = {1},
  year = {1993},
}

@InBook{Gruber2006,
  author = {J P Gruber},
  booktitle = {Dissertationes Botanicae},
  publisher = {J. Cramer},
  pages = {175},
  title = {Juncus arcticus WILLD. (Juncaceae) -Ökologische, populationsbiologische und genetische Untersuchungen eines Glazialreliktes in den österreichischen Ostalpen und in ausgewählten Populationen der Südalpen},
  volume = {399},
  year = {2006},
}

@Unpublished{gu,
  author = {R Kaiser},
  keywords = {vegsoup-data: phytosociological data},
  note = {Forests along the Traun river in the municiplaity of Gunskirchen (Upper Austria, Austria)},
  title = {Gunskirchen},
  year = {2013-2014},
}

@Unpublished{hg,
  author = {R Kaiser},
  note = {Alpine grasslands and tundra at the Hagengebirge massif (Salzburg, Austria)},
  title = {Hagengebirge},
  year = {2013},
}

@Unpublished{Staudinger020,
  author = {M Staudinger},
  institution = {im Auftrag der via Donau -- Österreichische Wasserstraßen GmbH},
  keywords = {vegsoup-data, tvcode020},
  note = {Kartierung und Anlage von Monitoringflächen im Bereich »Uferrückbau Hainburg« und »Johler Arm« im Zuge des Beweissicherungsverfahrens des Flußbaulichen Gesamtprojektes Donau },
  title = {Hainburg},
  year = {2006-2007},
}

@Article{Hartl1974,
  author = {H Hartl},
  journal = {Carinthia II},
  pages = {293-298},
  title = {Zur Ökologie und Soziologie des Kobresietum simpliciusculae in der Großfragant (Mölltal, Hohe Tauern)},
  volume = {164},
  year = {1974},
  url = {http://www.zobodat.at/stable/pdf/CAR_164_84_0293-0298.pdf},
}

@PhdThesis{Blaschka2014,
  title = {Mit Zähnen und Klauen: Erhalt und Wiederherstellung von Ökosystemleistungen einer alpinen Kulturlandschaft},
  author = {Albin Blaschka},
  school = {Paris Lodron Universität Salzburg, Fachbereich Organismische Biologie},
  year = {2014},
  address = {Salzburg, Österreich},
  type = {Dissertation zur Erlangung des Doktorgrades (Dr.rer.nat.)},
}

@Unpublished{hk,
  author = {R Kaiser and A Blaschka},
  note = {Coniferous forest, Krummholz and Alpine grassland and tundra around mount Hauser Kaibling (Styria, Austria)},
  title = {Hauser Kaibling},
  year = {2011},
}

@Unpublished{hd,
  author = {R Kaiser and T Eberl},
  note = {Beech forests between mount Hohe Dirn and Sonnkogel (Upper Austria, Austria) },
  title = {Hohe Dirn},
  year = {2013},
}

@Unpublished{hw,
  author = {R Kaiser and T Eberl},
  note = {Rocky steppe and grasslands on shallow soils, rock shrubery, forest fringes and thermophilous forest at Hohewand mountain range (Lower Austria, Austria)},
  title = {Hohewand},
  year = {2008-2014},
}

@Unpublished{wg,
  author = {R Kaiser and T Eberl},
  note = {Coniferous forest and spring fen on the mountains south of Wagrain (Salzburg, Austria)},
  title = {Höllenstein},
  year = {2013},
}

@Unpublished{hb,
  author = {R Kaiser and T Eberl},
  note = {Mining restoration sites between Hollersbach im Pinzgau and Bramberg am Wildkogel (Salzburg, Austria)},
  title = {Hollersbach},
  year = {2013},
}

@Article{Hoerandl1991,
  author = {E H{\"o}randl},
  journal = {Mitteilungen des naturwissenschaftlichen Vereins für Steiermark},
  pages = {199-205},
  title = {Beiträge zur Kenntnis von Verbreitung und ökologie von Draba sauteri (Brassicaceae)},
  volume = {121},
  year = {1991},
}

@Unpublished{hs,
  author = {R Kaiser and T Eberl},
  note = {Rock vegetation on the rock wall Hüttschlager Wand (Salzburg, Austria) },
  title = {Hüttschlag},
  year = {2009-2011},
}

@Unpublished{im,
  author = {R Kaiser},
  note = {Dry calcareous grassland and forest in the Ibmer Moos region (Upper Austria, Austria) },
  title = {Ibmer Moos},
  year = {2014-2014},
}

@InCollection{Isda1986,
  author = {M Isda},
  editor = {H Wagner and D F{\"u}rnkranz},
  booktitle = {Sauteria},
  keywords = {vegsoup-data; Alps; plant communities; Festuca norica; phytosociology; phytosociological data; alpine plant communities; alpine plant communities; alpine vegetation},
  pages = {239-255},
  publisher = {Abakus Verlag, Salzburg, A},
  title = {Zur Soziologie der Festuca norica-Hochgraswiesen der Ostalpen},
  volume = {1},
  year = {1986},
}

@Unpublished{kb,
  author = {R Kaiser},
  note = {Forests and rock shrubery on mount Kapuzinerberg (Salzburg, Austria)},
  title = {Kapuzinerberg},
  year = {2012-2014},
}

@Article{Karrer1985,
  author = {G Karrer},
  journal = {Stapfia},
  pages = {85-103},
  title = {Waldgrenzstandorte an der Thermenlinie (Niederösterreich)},
  volume = {14},
  year = {1985},
}

@Unpublished{Staudinger018,
  author = {M Staudinger},
  institution = {Im Auftrag des Amts der Oberösterreichischen Landesregierung},
  keywords = {vegsoup-data, tvcode018},
  note = {Kartierung im Rahmen des Qualitätsmanagement in Naturschutzgebieten -- Projektgebiet Moore in den Bezirken Kirchdorf und Steyr-Land},
  title = {Moore Kirchdorf und Steyr-Land},
  year = {2012},
}

@Unpublished{ks,
  author = {R Kaiser and T Eberl},
  note = {Rock vegetation on the rockwall Klammstein in the Gasteiner Tal (Salzburg, Austria)},
  title = {Klammstein},
  year = {2011},
}

@Unpublished{kn,
  author = {T Eberl},
  note = {Mires at mount Kniestichkogel (Salzburg, Austria)},
  title = {Kniestichkogel},
  year = {2012},
}

@Unpublished{Krisai1996,
  author = {R Krisai and B Voitleither and M Enzinger and P Schreilechner},
  institution = {Abteilung Naturschutz, Oberösterreichische Landesregierung},
  note = {Wasserwirtschaftliche Rahmenuntersuchung - Die Vegetation der Salzachauen: Oberösterreich, Gutachten Naturschutzabteilung Oberösterreich 0119},
  title = {Teilberichte der Bundesländer Oberösterreich: Die Vegetation des Talraumes der Salzach},
  year = {ca. 1996},
}

@Unpublished{lb,
  author = {R Kaiser and T Eberl},
  note = {Hard wood alluvial forest along the Traun river near Lambach (Upper Austria, Austria)},
  title = {Lambach},
  year = {2008},
}

@Unpublished{lp,
  author = {R Kaiser},
  note = {Dry beech and lime forests and rock shrubery at Pass Lueg mountain Pass (Salzburg, Austria)},
  title = {Luegpalfen and Pass Lueg},
  year = {2014},
}

@Unpublished{ms,
  author = {R Kaiser},
  note = {Forest and rock shrubery at lake Mattsee (Salzburg, Austria) },
  title = {Mattsee},
  year = {2014},
}

@MastersThesis{Medicus2010,
  author = {U Medicus},
  school = {University of Salzburg},
  title = {Wiesen und Hecken als Quelle von nutzbaren Wildpflanzen einst und jetzt},
  year = {2010},
}

@MastersThesis{Meroth2013,
  author = {V Meroth},
  school = {University of Salzburg},
  title = {Magerstandorte in Bereichen des Nocksteins und ihre ökologischen Beziehungen},
  year = {2013},
}

@Article{Meroth2014,
  author = {V Meroth},
  journal = {Naturland Salzburg},
  title = {Magerstandorte in Bereichen des Nocksteins und ihre ökologischen Beziehungen},
  volume = {1},
  year = {2014},
}

@Unpublished{mb,
  author = {R Kaiser},
  note = {Forests at mount Mönchsberg (Salzburg, Austria)},
  title = {Mönchsberg},
  year = {2014},
}

@Article{Morton1947,
  author = {F Morton},
  journal = {Arbeiten der Botanischen Station in Hallstatt},
  pages = {1-17},
  title = {über das Vorkommen von Juniperus sabina L. im Salzkammergute, Vorarbeiten zu einer Pflanzengeographie des Salzkammergutes},
  volume = {7},
  year = {1947},
}

@Article{Morton1950,
  author = {F Morton},
  journal = {Arbeiten der Botanischen Station in Hallstatt},
  pages = {1-17},
  title = {Weitere Untersuchungen über das Vorkommen von Juniperus sabina L. im Salzkammergute, vierte Mitteilung},
  volume = {96},
  year = {1950},
}

@Unpublished{mh,
  author = {R Kaiser},
  note = {Forest at Morzger (Montforter) Hügel in the south of city of Salzburg (Salzburg, Austria)},
  title = {Morzger Hügel},
  year = {2014},
}

@Unpublished{Staudinger027,
  author = {M Staudinger},
  institution = {im Auftrag des Amts der Niederösterreichischen Landesregierung},
  keywords = {vegsoup-data, tvcode027},
  note = {Kartierungstätigkeit im Rahmen des Projektes Handlungsbedarfs hinsichtlich des FFH-Schutzguts Bergmähwiesen (Lebensraumtyp 6520) zur Vervollständigung des Natura 2000-Netzwerks im niederösterreichischen Alpenvorland},
  title = {Bergmähwiesen Alpenvorland},
  year = {2014},
}

@Unpublished{Staudinger028,
  author = {M Staudinger},
  institution = {im Auftrag der Steiermärkischen Landesregierung},
  keywords = {vegsoup-data, tvcode001},
  note = {Kartierungstätigkeit im Rahmen des Projektes Handlungsbedarfs hinsichtlich des FFH-Schutzguts Bergmähwiesen (Lebensraumtyp 6520) zur Vervollständigung des Natura 2000-Netzwerks im Mariazeller Land},
  title = {Bergmähwiesen Mariazeller Land},
  year = {2014},
}

@Unpublished{Staudinger098,
  author = {M Staudinger},
  institution = {im Auftrag der Josef Fröstl GmbH},
  keywords = {vegsoup-data, tvcode001},
  note = {Vegetationsökologische Beurteilung des geplanten Naturdenkmals »Nackter Sattel« bei Gießhübel (Niederöstereich)},
  title = {Nackter Sattel},
  year = {2004},
}

@Unpublished{nardus,
  author = {R Kaiser},
  note = {Some Nardus dominated grasslands in Eastern Austria},
  title = {Nardus grasslands},
  year = {2014-2014},
}

@Unpublished{Staudinger011,
  author = {M Staudinger},
  institution = {im Auftrag des Amts der Burgenländischen Landesregierung},
  keywords = {vegsoup-data, tvcode011},
  note = {Kartierung der FFH-Lebensraumtypen im Natura-2000 Gebiet »Neusiedlersee - Seewinkel«},
  title = {Neusiedlersee},
  year = {2009-2010},
}

@Article{Niklfeld1964,
  author = {H Niklfeld},
  journal = {Verhandlungen der Zoologisch-Botanischen Gesellschaft Wien},
  pages = {152-181},
  title = {Zur Xerotherm Vegetation im Osten Niederösterreichs},
  volume = {103/104},
  year = {1964},
}

@Article{Niklfeld1979,
  author = {H Niklfeld},
  journal = {Stapfia},
  keywords = {vegsoup-data; vegetation; eastern Alps; rock vegetation, endemism; biogeography; Juniperus sabina; Staphylea pinnata; Tilio platyphylli-Acerion pseudoplatani},
  pages = {1-229},
  publisher = {Botanische Arbeitsgemeinschaft am Oö. Landesmuseum Linz},
  title = {Vegetationsmuster und Arealtypen der montanen Trockenflora in den nordöstlichen Alpen},
  volume = {4},
  year = {1979},
}

@Unpublished{nb,
  author = {H Wittmann and R Kaiser and T Eberl and R Krisai},
  note = {Alpine pioneer formations of the Caricion bicoloris-atrofuscae in the Biospherenpark Nockberge (Carinthia, Austria) – Botanical survey on behalf of the provincial government of Carinthia},
  title = {Nockberge},
  year = {2014},
}

@TechReport{Wittmann2014,
  author = {H Wittmann and T Eberl and R Kaiser and R Krisai and T R{\"u}cker},
  note = {Gutachten im Auftrag des Amtes der Kärnter Landesregierung},
  institution = {Institut für Ökologie, Salzburg},
  title = {Kartierung, Detailerfassung und Abgrenzung der alpinen Schwemmländer im Nationalpark Nockberge, in den östlichen Gurktaler Alpen, außerhalb des Nationalparks Nockberge und im hinteren Pöllatal},
  year = {2014},
}

@Unpublished{od,
  author = {R Kaiser},
  note = {Forest and dry calcareous grassland around Oberndorf bei Salzburg (Salzburg, Austria)},
  title = {Oberndorf},
  year = {2014},
}

@Unpublished{ps,
  author = {R Kaiser and T Eberl},
  note = {Rock vegetation at the Peilstein rocks (Lower Austria, Austria)},
  title = {Peilstein},
  year = {2009},
}

@Article{Petrik2005,
  author = {J {Petr{\a'\i}k  A & {\v S}ib{\a'\i}k} and M Valachovi{\v c}},
  journal = {Haquetia},
  pages = {33-51},
  title = {The class Carici rupestris-Kobresietea bellardii Ohba 1974 also in the Western Carpathians},
  volume = {4},
  year = {2005},
}

@Unpublished{Staudinger207,
  author = {M Staudinger},
  institution = {im Auftrag der Fürst Esterhazy`schen Privatstiftung Lockenhaus},
  keywords = {vegsoup-data, tvcode207},
  note = {Detailkartierung zur Naturverträglichkeitserklärung »Erweiterung Steinbruch Pilgersdorf«},
  title = {Pilgersdorf},
  year = {2013},
}

@Book{Pils1994,
  address = {Linz, A},
  author = {G Pils},
  pages = {355},
  publisher = {Forschungsinstitut für Umweltinformatik},
  title = {Die Wiesen Oberösterreichs},
  year = {1994},
}

@Unpublished{rb,
  author = {R Kaiser},
  note = {Forest at mount Rainberg (Salzbueg, Austria)},
  title = {Rainberg},
  year = {2014},
}

@Unpublished{Staudinger012,
  author = {M Staudinger},
  institution = {im Auftrag der freiland Umweltconsulting ZT GmbH},
  keywords = {vegsoup-data, tvcode012},
  note = {Bearbeitung des FFH-LRT 9180 Schlucht und Hangmischwälder (Tilio-Acerion) in Ostösterreich im Rahmen der Basiserhebung von Lebensraumtypen und Arten von gemeinschaftlicher Bedeutung in Österreich},
  title = {Schluchtwälder Ost-Österreich},
  year = {2012},
}

@Unpublished{rx,
  author = {R Kaiser},
  note = {Alpine grasslands and tundra on the Rax massif (Lower Austria, Austria)},
  title = {Rax},
  year = {2012},
}

@Unpublished{Staudinger003,
  author = {M Staudinger},
  institution = {im Auftrag des Amts des Oberösterreichischen Landesregierung},
  keywords = {vegsoup-data, tvcode003},
  note = {Kartierung im Rahmen der Biotopkartierung Oberösterreich Projektgebiet: Reichraming Nord},
  title = {Reichraming},
  year = {2009-2010},
}

@Unpublished{rm,
  author = {R Kaiser},
  note = {Spring fen in the Reinthaller Moos (Upper Austria, Austria)},
  title = {Reinthaller Moos},
  year = {2012},
}

@Unpublished{ri,
  author = {R Kaiser and T Eberl},
  note = {Alluvial forest and meadow along the Salzach river near Riedersbach (Upper Austria, Austria)},
  title = {Riedersbach},
  year = {2012},
}

@Unpublished{rk,
  author = {R Kaiser and T Eberl},
  note = {Forest around the Rinnkogel mountain range (Salzburg, Austria) },
  title = {Rinnkogel},
  year = {2014},
}

@Article{Roithinger1996,
  author = {G Roithinger},
  journal = {Stapfia},
  pages = {81-197},
  title = {Die Vegetation ausgewählter Dachstein-Almen (Oberösterreich) und ihre Veränderung nach Auflassung},
  volume = {43},
  year = {1996},
}

@Unpublished{Staudinger019,
  author = {M Staudinger},
  institution = {im Auftrag der Fürst Esterhazyschen Familienstiftung Eisenstadt},
  keywords = {vegsoup-data, tvcode019},
  note = {Detailkartierung zum Naturschutzfachlichen Gutachten zur »Kleinerweiterung Kalksteinbergbau St. Margarethen«},
  title = {St. Margarethen},
  year = {2007-2013},
}

@Unpublished{sr,
  author = {R Kaiser and T Eberl},
  note = {Forest, forest fringes and dry calcareous grassland in The Salzach valley near Sankt Radegund (Upper Austra, Austria)},
  title = {Sankt Radegund},
  year = {2013-2014},
}

@Unpublished{sg,
  author = {B Mayer},
  note = {Relevees from the biotope mapping programm of the provincial government of Salzburg (Salzburg, Austria)},
  title = {Schidergraben},
  year = {1997},
}

@Unpublished{sh,
  author = {R Kaiser and T Eberl},
  note = {Hard wood alluvial forest along the Traun river near Schleißheim (Upper Austria)},
  title = {Schleißheim},
  year = {2011},
}

@Article{Schmiederer2002,
  author = {C Schmiederer},
  journal = {Joannea Botanik},
  pages = {77-139},
  title = {Die alpinen Pflanzengesellschaften der Rettlkirchspitze (Wölzer Tauern, Steiermark)},
  volume = {3},
  year = {2002},
}

@Unpublished{sw,
  author = {T Eberl},
  note = {Hedgerow in the village of Schwand (Upper Austria, Austria)},
  title = {Schwand},
  year = {2011},
}

@Unpublished{sb,
  author = {R Kaiser},
  note = {Rock vegetation and thermophilous forest around mount Schwarzer Berg (Salzburg, Autria)},
  title = {Schwarzer Berg},
  year = {2014},
}

@Unpublished{Staudinger101,
  author = {M Staudinger},
  institution = {im Auftrag des Amts der Salzburger Landesregierung},
  keywords = {vegsoup-data, tvcode101},
  note = {Kartierungstätigkeit im Rahmen der Biotopkartierung Salzburg in der Gemeinde Seekirchen am Wallersee},
  title = {Seekirchen},
  year = {2013},
}

@Unpublished{si,
  author = {R Kaiser},
  note = {Rock vegetation in the head of the valey of the Sil river (Tyrol, Austria)},
  title = {Siltal},
  year = {2011},
}

@MastersThesis{Sonnberger2009,
  author = {T Sonnberger},
  school = {University of Salzburg},
  title = {Hemerobie ausgesuchter Buchen- und Buchenmischwälder in der Stadt Salzburg sowie im Flach- und Tennengau im Land Salzburg},
  year = {2009},
}

@Article{Springer1990,
  author = {S Springer},
  journal = {Berichte der Bayerischen Botanischen Gesellschaft},
  pages = {203-215},
  title = {Seltene Pflanzengesellschaften im Alpenpark Berchtesgaden},
  volume = {61},
  year = {1990},
}

@Unpublished{sp,
  author = {R Kaiser and T Eberl},
  note = {Forests between the rivers Ager and Traun in the municipality of Stadl-Paura (Upper Austria, Austria)},
  title = {Stadl-Paura},
  year = {2013-2014},
}

@PhdThesis{Starzengruber1979,
  author = {F Starzengruber},
  school = {University of Salzburg},
  title = {Die Vegetationsverhältnisse des westlichen Sauwaldes},
  year = {1979},
}

@Unpublished{sm,
  author = {R Kaiser},
  note = {Alpine grassland at the Steinernes Meer massif (Salzburg, Austria)},
  title = {Steinernes Meer},
  year = {2012},
}

@Unpublished{se,
  author = {R Kaiser and T Eberl},
  note = {Survey of ravine forests and bordering communities on behalf of the provincial government of Upper Austria},
  title = {Steyr und Ennstaler Voralpen},
  year = {2014},
}

@Article{Strauch1992,
  author = {M Strauch},
  journal = {Kataloge des Oö Landesmuseums},
  pages = {331-392},
  title = {Pflanzengesellschaften im unteren Trauntal (Oberösterreich)},
  volume = {54},
  year = {1992},
}

@Article{Strauch2010,
  author = {M Strauch},
  journal = {Stapfia},
  pages = {1-136},
  title = {Die laubholzreichen Au-, Feucht- und Hangwälder Oberösterreichs. ökologie, Vegetation, Nutzung, Naturschutz un Rote Liste},
  volume = {93},
  year = {2010},
}

@Article{Strobl1985,
  author = {W Strobl and H Wittmann},
  journal = {Berichte der Bayerischen Botanischen Gesellschaft},
  pages = {95-102},
  title = {Beitrag zur Kenntnis von Verbreitung, Soziologie und Karyologie von Achnatherum calamagrostis (L.) PB. im Bundesland Salzburg (österreich).},
  volume = {56},
  year = {1985},
}

@Unpublished{st,
  author = {R Kaiser},
  note = {Grassland in the Stubachtal valley (Salzburg, Austria)},
  title = {Stubachtal},
  year = {2012},
}

@Unpublished{Staudinger001,
  author = {M Staudinger},
  institution = {im Auftrag des Amts der Burgenländischen Landesregierung},
  keywords = {vegsoup-data, tvcode001},
  note = {Kartierung der FFH-Lebensraumtypen im Natura-2000 Gebiet »Südburgenländisches Hügel- und Terrassenland«},
  title = {Südburgenland},
  year = {2011-2012},
}

@Unpublished{Staudinger014-017,
  author = {M Staudinger},
  institution = {im Auftrag des Amts der Burgenländischen Landesregierung},
  keywords = {vegsoup-data, tvcode014, tvcode015, tvcode016, tvcode017},
  note = {Erfassung der FFH-Lebensraumtypen und Erstellung eines Managementplans für die Natura 2000 Gebiete Parndorfer Heide, Zurndorfer Eichenwald, Naturwaldreservat Lange Leiten bei Neckenmarkt sowie Zickenbachtal (Burgenland)},
  title = {Burgenland},
  year = {2005},
}

@Unpublished{tg,
  author = {R Kaiser},
  note = {Alpine grasslands and tundra on the Totes Gebirge massif (Upper Austria, Austria)},
  title = {Totes Gebirge},
  year = {2007},
}

@Unpublished{ts,
  author = {R Kaiser and T Eberl and E Stadler},
  note = {Thermophilous ravine forest and neighbouring comminities at lake Traunsee (Oberösterreich, Österreich)},
  title = {Traunsee},
  year = {2014},
}

@Unpublished{tc,
  author = {R Kaiser and T Eberl},
  note = {Forest, dry calcareous grassland, and mire on the hill toes of mount Tschirgant and at the Gurglbach valley near Nassereith (Tyrol, Austria)},
  title = {Tschirgant},
  year = {2006-2007},
}

@Unpublished{um,
  author = {R Kaiser and C Schr{\"o}ck},
  note = {Permanant plots for bog rewetting program},
  title = {Ursprunger Moor},
  year = {2014},
}

@Unpublished{Staudinger013,
  author = {M Staudinger},
  institution = {im Auftrag des Amts der Vorarlberger Landesregierung},
  keywords = {vegsoup-data, tvcode001},
  note = {Anlage von Monitoringflächen im Rahmen der Aktualisierung des Vorarlberger Biotopinventars},
  title = {Vorarlberg},
  year = {2007},
}

@Unpublished{ve,
  author = {R Kaiser and T Eberl},
  note = {Forest along the Inn river at the Vornbacher Enge narrow valley (Upper Austria, Austria)},
  title = {Vorbacher Enge},
  year = {2014},
}

@Unpublished{wh,
  author = {T Eberl},
  note = {Forest in the Weilhartsforst region (Upper Austria, Austria)},
  title = {Weilhartsforst},
  year = {2010},
}

@Unpublished{wb,
  author = {R Kaiser and T Eberl},
  note = {Forest at the hillside toe of the Leoganger Steinberge massif near Weißbach bei Lofer (Salzburg, Austria)},
  title = {Weißbach},
  year = {2010},
}

@Unpublished{wk,
  author = {R Kaiser and T Eberl},
  note = {Hard wood alluvial forest along the Traun river near Weißkirchen (Upper Austria)},
  title = {Weißkirchen},
  year = {2011},
}

@Unpublished{ww,
  author = {R Kaiser},
  note = {Wet meadow and grassland around Weitwörth (Salzburg, Austria)},
  title = {Weitwörth},
  year = {2013-2014},
}

@Unpublished{Staudinger008,
  author = {M Staudinger},
  institution = {im Auftrag des Magistrats der Stadt Wien (MA 22)},
  keywords = {vegsoup-data, tvcode008},
  note = {Kartierung und inhaltliche Bearbeitung des 18. und 19. Wiener Gemeindebezirks im Rahmen der Biotoptypenkartierung Wien},
  title = {Wien},
  year = {2010},
}

@Unpublished{Staudinger099,
  author = {M Staudinger},
  institution = {im Auftrag der Biosphärenpark Wienerwald Biosphärenpark Management GmbH},
  keywords = {vegsoup-data, tvcode099},
  note = {Kartierung der Waldgesellschaften in den Kernzonen des Biosphärenpark Wienerwald in Niederösterreich},
  title = {Wälder Biosphärenpark Wienerwald -- Teil I},
  year = {2011},
}

@Unpublished{Staudinger205,
  author = {M Staudinger},
  institution = {im Auftrag der Biosphärenpark Wienerwald Biosphärenpark Management GmbH},
  keywords = {vegsoup-data, tvcode205},
  note = {Projekt-Koordination und Kartierungstätigkeit im Rahmen der Beweissicherung und des Biodiversitätsmonitoring in den Kernzonen des Biosphärenpark Wienerwald in Niederösterreich},
  title = {Wälder Biosphärenpark Wienerwald -- Teil II},
  year = {2011-2013},
}

@Unpublished{Staudinger206,
  author = {M Staudinger},
  institution = {im Auftrag der Biosphärenpark Wienerwald Biosphärenpark Management GmbH und des Amts der Niederösterreichischen Landesregierung},
  keywords = {vegsoup-data, tvcode206},
  note = {Projekt-Koordination und Kartierungstätigkeit im Rahmen der Kartierung von Biotoptypen und FFH-Lebensraumtypen im Offenland des Biosphärenparks Wienerwald},
  title = {Wiesen Biosphärenpark Wienerwald -- Teil II},
  year = {2011-2013},
}

@Unpublished{StaudingerWBW,
  author = {M Staudinger},
  institution = {im Auftrag der Österreichischen Akademie der Wisschenschaften, der Biosphärenpark Wienerwald Biosphärenpark Management GmbH und des Amts der Niederösterreichischen Landesregierung},
  keywords = {vegsoup-data, tvcodeWBW},
  note = {Kartierungstätigkeit im Rahmen des MAB-Proekts »Wiesen und Trockenrasen im Biosphärenpark Wienerwald«},
  title = {Wiesen Biosphärenpark Wienerwald -- Teil I},
  year = {2010},
}

@Unpublished{wf,
  author = {R Kaiser and T Eberl and C Schr{\"o}ck and R T{\"u}rk},
  note = {Alpine grassland, tundra, and snow bed vegetation in the head of the Lantschfeld valey up to the mountain pass Windsfeld (Salzburg, Austria)},
  title = {Windsfeld},
  year = {2009-2011},
}

@Article{Wittmann1997,
  author = {H Wittmann and P Pilsl},
  journal = {Linzer Biologische Beiträge},
  number = {1},
  pages = {385-506},
  title = {Beiträge zur Flora des Bundeslandes Salzburg II},
  volume = {29},
  year = {1997},
}

@TechReport{Wittmann2007,
  author = {H Wittmann and O St{\"o}hr and R Krisai and S Gewolf and S Fr{\"u}hwirth and T R{\"u}cker and W D{\"a}mon},
  note = {Nationalpark Hohe Tauern Endbericht 2007},
  title = {Vollerfassung und Dokumentation der alpinen Schwemmländer mit Pionierformationen des Caricion bicoloris-atrofuscae im Nationalpark Hohe Tauern},
  institution = {Institut für Ökologie, Salzburg},
  type = {Final report},
  year = {2007},
}

@Unpublished{Staudinger023,
  author = {M Staudinger},
  institution = {im Auftrag der via Donau -- Österreichische Wasserstraßen GmbH},
  keywords = {vegsoup-data, tvcode023},
  note = {Kartierung und Anlage von Monitoringflächen entlang der Naturversuchsstrecke Witzelsdorf im Rahmen des flussbaulichen Gesamtprojekts Donau -- Beweissicherung},
  title = {Witzelsdorf},
  year = {2007},
}

@Unpublished{ws,
  author = {R Kaiser and T Eberl},
  note = {Rock shrubery and thermophilous forest around lake Wolfgangsee (Salzburg, Austria)},
  title = {Wolfgangsee},
  year = {2009-2014},
}

@Unpublished{yb,
  author = {Y Schneemann},
  note = {Landscape survey along the lower cource of the Ybbs river (Upper Austria, Austria)},
  title = {Ybbs},
  year = {2011},
}
