@unpublished{rk,
	Author = {Kaiser, R and Eberl, T},
	Note = {Forest around the Rinnkogel mountain range (Salzburg, Austria) },
	Title = {Rinnkogel},
	Year = {2014}}
