@unpublished{st,
	Author = {Kaiser, R},
	Note = {Grassland in the Stubachtal valley (Salzburg, Austria)},
	Title = {Stubachtal},
	Year = {2012}}
