@incollection{Greimler1997,
	Author = {Greimler, J},
	Booktitle = {Mitteilungen der Abteilung für Botanik am Landesmuseum Joanneum in Graz},
	Keywords = {Austria; Alps; Northern Alps; phytosociological data; phytosociology},
	Pages = {1-238},
	Publisher = {Landesmuseum Joanneum},
	Title = {Pflanzengesellschaften und Vegetationsstruktur in den südlichen Gesäusebergen (nordöstliche Kalkalpen, Steiermark)},
	Volume = {25-26},
	Year = {1997},
	Url = {http://www.zobodat.at/stable/pdf/MittBotJoan_25-26_1997_0001-0238.pdf}
}
