@unpublished{fv,
	Author = {Kaiser, R and Eberl, T},
	Note = {Rocky steppe around ruine Emmerberg (Lower Austria, Austria)},
	Title = {Fischauer Vorberge},
	Year = {2011}}
