@unpublished{ba,
	Author = {Kaiser, R},
	Note = {Thermophilous forest at mount Jainzenberg in Bad Ischl (Austria, Upper Austria)},
	Title = {Bad Ischl},
	Year = {2007}}
