@unpublished{gb,
	Author = {Kaiser, R},
	Note = {Rock shurbery and forest on mount Gaisberg (Salzburg, Austria)},
	Title = {Gaisberg},
	Year = {2011-2012}}
