@mastersthesis{Dullnig1989,
	Author = {Dullnig, K},
	School = {Karl-Franzens University Graz},
	Title = {Quellflurgesellschaften im Nationalpark Nockberge},
	Year = {1989}}
