@unpublished{Staudinger013,
	Author = {Staudinger,M},
	Institution = {im Auftrag des Amts der Vorarlberger Landesregierung},
	Keywords = {vegsoup-data, tvcode001},
	Note = {Anlage von Monitoringfl√§chen im Rahmen der Aktualisierung des Vorarlberger Biotopinventars},
	Title = {Vorarlberg},
	Year = {2007}}
