@unpublished{Wittmann:2007,
	Author = {Wittmann, H and St{\"o}hr, O and Krisai, R and Gewolf, S and Fr{\"u}hwirth, S and R{\"u}cker, T and D{\"a}mon, W},
	Note = {Nationalpark Hohe Tauern Endbericht 2007},
	Title = {Vollerfassung und Dokumentation der alpinen Schwemml{\"a}nder mit Pionierformationen des Caricion bicoloris-atrofuscae im Nationalpark Hohe Tauern},
	Year = {2007},
	}
