@unpublished{wf,
	Author = {Kaiser, R and Eberl, T and Schröck, C and Türk, R},
	Note = {Alpine grassland, tundra, and snow bed vegetation in the head of the Lantschfeld valey up to the mountain pass Windsfeld (Salzburg, Austria)},
	Title = {Windsfeld},
	Year = {2009-2011}}
