@unpublished{Staudinger002,
	Author = {Staudinger,M},
	Institution = {Im Auftrag des Amts der Ober{\"o}sterreichischen Landesregierung},
	Keywords = {vegsoup-data, tvcode002},
	Note = {Kartierungen im Rahmen des Artenschutzprojektes f{\"u}r Gef{\"a}{\ss}pflanzen Ober{\"o}sterreich},
	Title = {Artenschutzprojekt Ober{\"o}sterreich},
	Year = {2011-2013}}
