@unpublished{fk,
	Author = {Kaiser, R},
	Note = {Alpine grassslands at mount Frommer Kogel south of the Tennengebirge massif (Salzburg, Austria)},
	Title = {Frommer Kogel},
	Year = {2011}}
