@unpublished{cr,
	Author = {Kaiser, R and Jahn, R and Traxler, A},
	Keywords = {vegsoup-data},
	Note = {Vegetation on Crete and Gavdos (Crete, Greece)},
	Title = {Crete}}
