@unpublished{Staudinger003,
	Author = {Staudinger,M},
	Institution = {im Auftrag des Amts des Ober{\"o}sterreichischen Landesregierung},
	Keywords = {vegsoup-data, tvcode003},
	Note = {Kartierung im Rahmen der Biotopkartierung Ober{\"o}sterreich Projektgebiet: Reichraming Nord},
	Title = {Reichraming},
	Year = {2009-2010}}
