@unpublished{pg,
	Author = {Kaiser, R and Eberl, T},
	Note = {Managed coniferous forest and successional mixed forest on Diabas bedrock  (Carinthia, Austria)},
	Title = {Sankt Donat},
	Year = {2015}}
