@article{Grims1982,
	Author = {Grims, F},
	Journal = {Stapfia},
	Pages = {203-233},
	Title = {{\"U}ber die Besiedlung der Vorfelder einiger Dachsteingletscher (Ober{\"o}sterreich)},
	Volume = {10},
	Year = {1982},
}
