
@unpublished{Staudinger099,
	Author = {Staudinger,M},
	Institution = {im Auftrag der Biosphärenpark Wienerwald Biosphärenpark Management GmbH},
	Keywords = {vegsoup-data, tvcode099},
	Note = {Kartierung der Waldgesellschaften in den Kernzonen des Biosphärenpark Wienerwald in Niederösterreich},
	Title = {Wälder Biosphärenpark Wienerwald -- Teil I},
	Year = {2011}}

@unpublished{Staudinger205,
	Author = {Staudinger,M},
	Institution = {im Auftrag der Biosphärenpark Wienerwald Biosphärenpark Management GmbH},
	Keywords = {vegsoup-data, tvcode205},
	Note = {Projekt-Koordination und Kartierungstätigkeit im Rahmen der Beweissicherung und des Biodiversitätsmonitoring in den Kernzonen des Biosphärenpark Wienerwald in Niederösterreich},
	Title = {Wälder Biosphärenpark Wienerwald -- Teil II},
	Year = {2011-2013}}

@unpublished{Staudinger206,
	Author = {Staudinger,M},
	Institution = {im Auftrag der Biosphärenpark Wienerwald Biosphärenpark Management GmbH und des Amts der Niederösterreichischen Landesregierung},
	Keywords = {vegsoup-data, tvcode206},
	Note = {Projekt-Koordination und Kartierungstätigkeit im Rahmen der Kartierung von Biotoptypen und FFH-Lebensraumtypen im Offenland des Biosphärenparks Wienerwald},
	Title = {Wiesen Biosphärenpark Wienerwald -- Teil II},
	Year = {2011-2013}}

@unpublished{StaudingerWBW,
	Author = {Staudinger,M},
	Institution = {im Auftrag der Österreichischen Akademie der Wisschenschaften, der Biosphärenpark Wienerwald Biosphärenpark Management GmbH und des Amts der Niederösterreichischen Landesregierung},
	Keywords = {vegsoup-data, tvcodeWBW},
	Note = {Kartierungstätigkeit im Rahmen des MAB-Proekts »Wiesen und Trockenrasen im Biosphärenpark Wienerwald«},
	Title = {Wiesen Biosphärenpark Wienerwald -- Teil I},
	Year = {2010}}
