@article{Morton1950,
	Author = {Morton,F},
	Journal = {Arbeiten der Botanischen Station in Hallstatt},
	Pages = {1-17},
	Title = {Weitere Untersuchungen {\"u}ber das Vorkommen von \textit{Juniperus sabina} L. im Salzkammergute, vierte Mitteilung},
	Volume = {96},
	Year = {1950}
}
