@unpublished{sb,
	Author = {Kaiser, R},
	Note = {Rock vegetation and thermophilous forest around mount Schwarzer Berg (Salzburg, Autria)},
	Title = {Schwarzer Berg},
	Year = {2014}}
