@article{Surina:2004,
	Author = {Surina, B},
	Journal = {Annales Series Historia Naturalis},
	Pages = {99-112},
	Title = {The association Gentiano terglouensis-Caricetum firmae T. Wraber 1970 in the Krn Mountains (The Julian Alps)},
	Volume = {14},
	Year = {2004}
}
