@unpublished{Staudinger009,
	Author = {Staudinger,M},
	Institution = {im Auftrag der ILF Beratende Ingenieure ZT GmbH},
	Keywords = {vegsoup-data, tvcode009},
	Note = {Kartierung naturschutzfachlich wertvoller Lebensräume entlang des Trassenkorridors der »WAG-II Gaspipeline« zwischen Enzersfeld und Sierning, sowie Erstellung der Naturschutzfachlichen Einreichung, Abschnitt Vegetation und Lebensräume},
	Title = {Enzersfeld},
	Year = {2010-2014}}
