@mastersthesis{Meroth:2013,
	Author = {Meroth, V},
	School = {University of Salzburg},
	Title = {Magerstandorte in Bereichen des Nocksteins und ihre {\"o}kologischen Beziehungen},
	Year = {2013}}
