@unpublished{ps,
	Author = {Kaiser, R and Eberl, T},
	Note = {Rock vegetation at the Peilstein rocks (Lower Austria, Austria)},
	Title = {Peilstein},
	Year = {2009}}
