@article{Schmiederer:2002,
	Author = {Schmiederer, C},
	Journal = {Joannea Botanik},
	Pages = {77-139},
	Title = {Die alpinen Pflanzengesellschaften der Rettlkirchspitze (W{\"o}lzer Tauern, Steiermark)},
	Volume = {3},
	Year = {2002},
}
