@unpublished{Staudinger101,
	Author = {Staudinger,M},
	Institution = {im Auftrag des Amts der Salzburger Landesregierung},
	Keywords = {vegsoup-data, tvcode101},
	Note = {Kartierungst{\"a}tigkeit im Rahmen der Biotopkartierung Salzburg in der Gemeinde Seekirchen am Wallersee},
	Title = {Seekirchen},
	Year = {2013}}
