@book{Chytry1995,
	Address = {Praha},
	Author = {Chytrý, M. and Vicherek, J.},
	Location = {Praha},
	Publisher = {Academia},
	Title = {Lesní vegetace Národního parku Podyjí/Thayatal. Die Waldvegetation des Nationalparks Podyjí/Thayatal},
	Year = {1995},
}
