@unpublished{Staudinger027,
	Author = {Staudinger,M},
	Institution = {im Auftrag des Amts der Niederösterreichischen Landesregierung},
	Keywords = {vegsoup-data, tvcode027},
	Note = {Kartierungstätigkeit im Rahmen des Projektes Handlungsbedarfs hinsichtlich des FFH-Schutzguts Bergmähwiesen (Lebensraumtyp 6520) zur Vervollständigung des Natura 2000-Netzwerks im niederösterreichischen Alpenvorland},
	Title = {Bergmähwiesen Alpenvorland},
	Year = {2014}}

@unpublished{Staudinger028,
	Author = {Staudinger,M},
	Institution = {im Auftrag der Steiermärkischen Landesregierung},
	Keywords = {vegsoup-data, tvcode001},
	Note = {Kartierungstätigkeit im Rahmen des Projektes Handlungsbedarfs hinsichtlich des FFH-Schutzguts Bergmähwiesen (Lebensraumtyp 6520) zur Vervollständigung des Natura 2000-Netzwerks im Mariazeller Land},
	Title = {Bergmähwiesen Mariazeller Land},
	Year = {2014}}
