@mastersthesis{Sonnberger2009,
	Author = {Sonnberger, T},
	School = {University of Salzburg},
	Title = {Hemerobie ausgesuchter Buchen- und Buchenmischw√§lder in der Stadt Salzburg sowie im Flach- und Tennengau im Land Salzburg},
	Year = {2009}}
