@unpublished{ms,
	Author = {Kaiser, R},
	Note = {Forest and rock shrubery at lake Mattsee (Salzburg, Austria) },
	Title = {Mattsee},
	Year = {2014}}
