@unpublished{ks,
	Author = {Kaiser, R and Eberl, T},
	Note = {Rock vegetation on the rockwall Klammstein in the Gasteiner Tal (Salzburg, Austria)},
	Title = {Klammstein},
	Year = {2011}}
