@article{Erschbamer1992,
	Author = {Erschbamer, B},
	Journal = {Phytocoenologia},
	Pages = {91-116},
	Title = {Zwei neue Gesellschaften mit Krummseggen (Carex curvula ssp. rosae, Carex curvula ssp. curvula) aus den Alpen - ein Beitrag zur Kl{\"a}rung eines alten {\"o}kologischen R{\"a}tsels},
	Volume = {21},
	Year = {1992}}
