@unpublished{aa,
	Author = {Kaiser, R and Eberl, T},
	Year = {2011},
	Note = {Meadows around Wolfgang Amadeus Airport (Salzburg, Austria)},
	Title = {Amadeus airport}}
