@unpublished{hs,
	Author = {Kaiser, R and Eberl, T},
	Note = {Rock vegetation on the rock wall Hüttschlager Wand (Salzburg, Austria) },
	Title = {Hüttschlag},
	Year = {2009-2011}}
