@unpublished{bg,
	Author = {Kaiser, R and Eberl, T},
	Note = {Grasslands in the Nationalpark Berchtesgaden (Bavaria, Germany)},
	Title = {Berchtesgaden},
	Year = {2009}}
