@unpublished{ew,
	Author = {Kaiser, R and Eberl, T},
	Note = {Acidophilous mixed and pure conferious forest at Edtwald near village Freinberg (Upper Austria , Austria)},
	Title = {Edtwald},
	Year = {2007}}
