@unpublished{mb,
	Author = {Kaiser, R},
	Note = {Forests at mount Mönchsberg (Salzburg, Austria)},
	Title = {Mönchsberg},
	Year = {2014}}

