@unpublished{rm,
	Author = {Kaiser, R},
	Note = {Spring fen in the Reinthaller Moos (Upper Austria, Austria)},
	Title = {Reinthaller Moos},
	Year = {2012}}
