@article{Niklfeld1964,
	Author = {Niklfeld, H},
	Journal = {Verhandlungen der Zoologisch-Botanischen Gesellschaft Wien},
	Pages = {152-181},
	Title = {Zur Xerotherm Vegetation im Osten Nieder√∂sterreichs},
	Volume = {103/104},
	Year = {1964}}
