@article{Mayer2013,
	Author = {Mayer, W and Gruber, J P and Türk, R},
	Journal = {Stapfia},
	Pages = {1-789},
	Title = {Epiphytische Flechtengesellschaften im Nationalpark Kalkalpen, Oberösterreich, Österreich},
	Volume = {98},
	Year = {2013}}
