@book{Pils1994,
	Address = {Linz, A},
	Author = {Pils, G},
	Pages = {355},
	Publisher = {Forschungsinstitut für Umweltinformatik},
	Title = {Die Wiesen Oberösterreichs},
	Year = {1994}
}
