@article{Strauch1992,
	Author = {Strauch, M},
	Journal = {Kataloge des Oö Landesmuseums},
	Pages = {331-392},
	Title = {Pflanzengesellschaften im unteren Trauntal (Oberösterreich)},
	Volume = {54},
	Year = {1992},
}
