@unpublished{ws,
	Author = {Kaiser, R and Eberl, T},
	Note = {Rock shrubery and thermophilous forest around lake Wolfgangsee (Salzburg, Austria)},
	Title = {Wolfgangsee},
	Year = {2009-2014}}
