@unpublished{ve,
	Author = {Kaiser, R and Eberl, T},
	Note = {Forest along the Inn river at the Vornbacher Enge narrow valley (Upper Austria, Austria)},
	Title = {Vorbacher Enge},
	Year = {2014}}
