@unpublished{sw,
	Author = {Eberl, T},
	Note = {Hedgerow in the village of Schwand (Upper Austria, Austria)},
	Title = {Schwand},
	Year = {2011}}
