@unpublished{hg,
	Author = {Kaiser, R},
	Note = {Alpine grasslands and tundra at the Hagengebirge massif (Salzburg, Austria)},
	Title = {Hagengebirge},
	Year = {2013}}
