@article{Chytry1996,
	Author = {Chytr{\'y}, Milan and Vicherek, Ji{\v r}{\'\i}},
	Date-Modified = {2014-10-01 16:07:34 +0000},
	Issn = {0231-603X},
	Journal = {P{\v r}{\'\i}rodov{\v e}dn{\'y} sborn{\'\i}k Z{\'a}padomoravsk{\'e}ho muzea v T{\v r}eb{\'\i}{\v c}i},
	Keywords = {Czech Republic; dry grasslands; forests; Moravia; plant communities; river valley; vegetation classification; phytosociological data; phytosociology},
	Title = {P{\v r}irozen{\'a} a polop{\v r}irozen{\'a} vegetace {\'u}dol{\'\i} {\v r}ek Oslavy, Jihlavy a Rokytn{\'e}},
	Volume = {22},
	Year = {1996},
}
