@phdthesis{Starzengruber1979,
	Author = {Starzengruber, F},
	School = {University of Salzburg},
	Title = {Die Vegetationsverh√§ltnisse des westlichen Sauwaldes},
	Year = {1979}}
