@unpublished{ub,
	Author = {Kaiser, R},
	Note = {Thermophilous forest and alpine tundra at Mount Untersberg (Salzburg, Austria & Bavaria, Germany)},
	Title = {Untersberg},
	Year = {2015}}
