@article{Dirnboeck1997,
	Author = {Dirnböck, T and Greimler, J},
	Journal = {Linzer biologische Beiträge},
	Number = {1},
	Pages = {299-339},
	Title = {Subalpin-alpine Vegetationskartierung der Raxalpe, nordöstliche Kalkalpen Vegetationskarte 1 : 12.500},
	Volume = {29},
	Year = {1997},
	Url = {http://www.zobodat.at/stable/pdf/LBB_0029_1_0299-0339.pdf}
	}

@article{Dirnboeck1997Corrigendium,
	Author = {Dirnböck, T and Greimler, J},
	Journal = {Linzer biologische Beiträge},
	Number = {2},
	Pages = {623-640},
	Title = {Subalpin-alpine Vegetationskartierung der Raxalpe, nordöstliche Kalkalpen Vegetationskarte 1 : 12.500 Ergänzung zu Linzer biol. Beitr. 29/1: 299-339},
	Volume = {29},
	Year = {1997},
	Url = {http://www.zobodat.at/stable/pdf/LBB_0029_2_0623-0640.pdf}
	}

