@unpublished{hw,
	Author = {Kaiser, R and Eberl, T},
	Note = {Rocky steppe and grasslands on shallow soils, rock shrubery, forest fringes and thermophilous forest at Hohewand mountain range (Lower Austria, Austria)},
	Title = {Hohewand},
	Year = {2008-2014}}
