@techreport{Schwarz1986,
	Author = {Schwarz, U},
	Institution = {Amt der Oberösterreichischen Landesregierung},
	Keywords = {vegsoup-data; Austria; Upper Austria; Danube; forest vegetation; phytosociology; phytosociological data},
	Title = {Kartierung des Donautales zwischen Untermühl und den Steinbrüchen von Landshag},
	Year = {1986},
	Url = {http://www.zobodat.at/stable/pdf/GUTNAT_0098_0001-0031.pdf}
}
