@unpublished{Staudinger019,
	Author = {Staudinger,M},
	Institution = {im Auftrag der F{\"u}rst Esterhazyschen Familienstiftung Eisenstadt},
	Keywords = {vegsoup-data, tvcode019},
	Note = {Detailkartierung zum Naturschutzfachlichen Gutachten zur »Kleinerweiterung Kalksteinbergbau St. Margarethen«},
	Title = {St. Margarethen},
	Year = {2007-2013}}
