@unpublished{wg,
	Author = {Kaiser, R and Eberl, T},
	Note = {Coniferous forest and spring fen on the mountains south of Wagrain (Salzburg, Austria)},
	Title = {HÃ¶llenstein},
	Year = {2013}}
