@unpublished{Staudinger023,
	Author = {Staudinger,M},
	Institution = {im Auftrag der via Donau -- {\"O}sterreichische Wasserstra{\ss}en GmbH},
	Keywords = {vegsoup-data, tvcode023},
	Note = {Kartierung und Anlage von Monitoringfl{\"a}chen entlang der Naturversuchsstrecke Witzelsdorf im Rahmen des flussbaulichen Gesamtprojekts Donau -- Beweissicherung},
	Title = {Witzelsdorf},
	Year = {2007}}
