@unpublished{Nussbaumer2000,
	Author = {Nußbaumer, E},
	Note = {Gutachten im Auftrag der oö. Landesregierung und der Stdatgemeinde Vöcklabruck},
	Title = {Brandlmayr Wald -- Hofmanninger Wald},
	Year = {2000},
}
