@article{Chytry1997,
	Author = {Chytrý, M and Sádlo J},
	Journal = {Annali di Botanica},
	Pages = {105-126},
	Title = {Tilia-dominated calcicolous forests in the Czech Republic from a Central European perspective},
	Volume = {55},
	Year = {1997},
	Url = {http://bib03.caspur.it/ojspadis/index.php/Annalidibotanica/article/download/9031/8972}
}
