@unpublished{mn,
	Author = {Kaiser, R},
	Note = {Forest in the Stutjeska and Biograska Gora National Parks (Monte Negro)},
	Title = {Monte Negro},
	Year = {2012}}
