@unpublished{jk,
	Author = {Kaiser, R},
	Note = {Survey of wetlands in Javakheti Upland (Javakheti, Georgia)},
	Title = {Javakheti},
	Year = {2008-2099}}
