@article{Eberl2009,
	Author = {Eberl, T and Kaiser, R},
	Journal = {Tuexenia-Beihefte},
	Pages = {111-145},
	Title = {Ãœber die Vegetation des Bockhart-Tales in Bad Gastein},
	Volume = {2},
	Year = {2009},
	Url = {www.tuexenia.de/fileadmin/website/downloads/Beiheft_Nr.2.pdf}
	}
