@unpublished{sg,
	Author = {Mayer, B},
	Note = {Relevees from the biotope mapping programm of the provincial government of Salzburg (Salzburg, Austria)},
	Title = {Schidergraben},
	Year = {1997}}
