@article{Greimler:1996,
	Author = {Greimler, J and Dirnb{\"o}ck},
	Date-Added = {2011-12-12 17:22:36 +0100},
	Date-Modified = {2011-12-12 17:26:20 +0100},
	Journal = {Linzer biologische Beitr{\"a}ge},
	Number = {1},
	Pages = {437-482},
	Title = {Die subalpine und alpine Vegetation des Schneebergs, Nieder{\"o}sterreich Vegetationskarte im Ma{\ss}stab 1:10.000 und Beschreibung der Vegetation},
	Volume = {28},
	Year = {1996}}
