@unpublished{um,
	Author = {Kaiser, R and Schr{\"o}ck, C},
	Note = {Permanant plots for bog rewetting program},
	Title = {Ursprunger Moor},
	Year = {2014}}
