@article{Jakubowsky1996,
	Author = {Jakubowsky, G. and Gutermann, W.},
	Journal = {Annalen des Naturhistorischen Museums Wien},
	Pages = {369-381},
	Title = {Die Sorbus latifolia-Gruppe im östlichen österreich},
	Volume = {98 B Supplement},
	Year = {1996},
	Url = {http://www.zobodat.at/stable/pdf/ANNA_98BS_0369-0381.pdf}
}
