@unpublished{wb,
	Author = {Kaiser, R and Eberl, T},
	Note = {Forest at the hillside toe of the Leoganger Steinberge massif near Weißbach bei Lofer (Salzburg, Austria)},
	Title = {Weißbach},
	Year = {2010}}
