@unpublished{el,
	Author = {Kaiser, R and Eberl, T},
	Note = {Alluvial hard wood forest along the Traun river near Edt bei Lambach (Upper Austria, Austria)},
	Title = {Edt bei Lambach},
	Year = {2007}}
