@unpublished{gm,
	Author = {Kaiser, R and Eberl, T},
	Note = {Forests and meadows at hill Gmundner Berg near Gmunden (Salzburg, Austria)},
	Title = {Gmunden},
	Year = {2008}}
