@unpublished{wa,
	Author = {Kaiser, R},
	Note = {Forest around lake Wallersee (Salzburg, Austria)},
	Title = {Wallersee},
	Year = {2015}}
