@unpublished{Staudinger010,
	Author = {Staudinger,M},
	Institution = {im Auftrag der via Donau -- {\"O}sterreichische Wasserstra{\ss}en GmbH und des Nationalparks Donauauen},
	Keywords = {vegsoup-data, tvcode010},
	Note = {Kartierung der FFH-Lebensraumtypen innerhalb des Donauschutzdamms im Nationalpark Donauauen zwischen Eckartsau und Engelhartstetten und im Baulos 1 im Rahmen des Premonitoring zum flu{\ss}baulichen Gesamtprojekt Donau {\"o}stlich von Wein},
	Title = {Nationalpark Donauauen},
	Year = {2010}}

@unpublished{Staudinger102,
	Author = {Staudinger,M},
	Institution = {im Auftrag der via Donau -- {\"O}sterreichische Wasserstra{\ss}en GmbH},
	Keywords = {vegsoup-data, tvcode102},
	Note = {Kartierungst{\"a}tigkeit im Rahmen des Projektes â€žSanierung Marchfeldschutzdamm {\"U}berstr{\"o}mstrecke Stopfenreuth und anschlie{\ss}ende Dammsysteme -- Naturschutz- und Nationalparkrechtliche Einreichung``},
	Title = {Marchfeldschutzdamm},
	Year = {2014}}
