@article{Strobl1985,
	Author = {Strobl, W and Wittmann, H},
	Journal = {Berichte der Bayerischen Botanischen Gesellschaft},
	Pages = {95-102},
	Title = {Beitrag zur Kenntnis von Verbreitung, Soziologie und Karyologie von Achnatherum calamagrostis (L.) PB. im Bundesland Salzburg (Ã–sterreich)},
	Volume = {56},
	Year = {1985},
	Url = {http://www.bbgev.de/berichte/056_1985/achnatherum_calamagrostis.pdf}
}
