@article{Urban2008,
	Author = {Urban, R and Mayer, A},
	Journal = {Berichte der Bayerischen Botanischen Gesellschaft},
	Pages = {103-128},
	Title = {Floristische und vegetationskundliche Besonderheiten aus den Bayerischen Alpen -- Funde im Rahmen der Alpenbiotopkartierung Teil 3},
	Volume = {78},
	Year = {2008},
	Url = {http://www.bbgev.de/berichte/078_2008/bayerische_alpen.pdf}
}
