@unpublished{ul,
	Author = {Kaiser, R and Schr{\"o}ck, C and {course participants}},
	Note = {Aapa mire and string bog at the {\"U}berling mire complex (Salzburg, Austria)},
	Title = {{\"U}berling},
	Year = {2015}}
