@unpublished{hb,
	Author = {Kaiser, R and Eberl, T},
	Note = {Mining restoration sites between Hollersbach im Pinzgau and Bramberg am Wildkogel (Salzburg, Austria)},
	Title = {Hollersbach},
	Year = {2013}}
