@unpublished{lp,
	Author = {Kaiser, R},
	Note = {Dry beech and lime forests and rock shrubery at Pass Lueg mountain Pass (Salzburg, Austria)},
	Title = {Luegpalfen and Pass Lueg},
	Year = {2014}}
