@unpublished{Krisai:1996,
	Author = {Krisai, R and Voitleither, B and Enzinger, M and Schreilechner, P},
	Institution = {Abteilung Naturschutz, Ober{\"o}sterreichische Landesregierung},
	Note = {Wasserwirtschaftliche Rahmenuntersuchung - Die Vegetation der Salzachauen: Ober{\"o}sterreich, Gutachten Naturschutzabteilung Ober{\"o}sterreich 0119},
	Title = {Teilberichte der Bundesl{\"a}nder Ober{\"o}sterreich: Die Vegetation des Talraumes der Salzach},
	Year = {ca. 1996},
}
