@article{Ruttner1994,
	Author = {Ruttner, B},
	Journal = {Stapfia},
	Pages = {1-165},
	Title = {Die Vegetation des HÃ¶llengebirges},
	Year = {1994},
	Url = {http://www.zobodat.at/stable/pdf/STAPFIA_0033_0001-0165.pdf}
}
