@unpublished{bb,
	Author = {Kaiser, R and Eberl, T},
	Keywords = {vegsoup-data},
	Note = {Meadows in Bad Bruck municiplaity of Bad Gastein (Salzburg, Austria)},
	Title = {Bad Bruck},
	Year = {2010}}
