@unpublished{si,
	Author = {Kaiser, R},
	Note = {Rock vegetation in the head of the valey of the Sil river (Tyrol, Austria)},
	Title = {Siltal},
	Year = {2011}}
