
@unpublished{bs,
	Author = {Kaiser, R and Eberl, T},
	Keywords = {vegsoup-data},
	Note = {Rock vegetation on peaks Kleiner Barmstein and Gro{\ss}er Barmstein (Salzburg, Austria)},
	Title = {Barmstein},
	Year = {2009-2012}}
