@unpublished{an,
	Author = {Kaiser, R and Eberl, T},
	Year = {2011},
	Note = {Alpine tundra, krummholz and vegetation on ski-slopes at mount Aineck (Salzburg, Austria)},
	Title = {Aineck}}
