@unpublished{nardus,
	Author = {Kaiser, R},
	Note = {Some Nardus dominated grasslands in Eastern Austria},
	Title = {Nardus grasslands},
	Year = {2014-2014}}
