@unpublished{wh,
	Author = {Eberl, T},
	Note = {Forest in the Weilhartsforst region (Upper Austria, Austria)},
	Title = {Weilhartsforst},
	Year = {2010}}
