@unpublished{ds,
	Author = {Kaiser, R},
	Note = {Alpine grasslands and tundra on the Dachstein massif (Upper Austria, Austria)},
	Title = {Dachstein},
	Year = {2007}}
