@article{Petrik2005,
	Author = {Petrík, A Nad & Šibík, J and Valachovič, M},
	Journal = {Haquetia},
	Pages = {33-51},
	Title = {The class Carici rupestris-Kobresietea bellardii Ohba 1974 also in the Western Carpathians},
	Volume = {4},
	Year = {2005},
	}
