@article{Niklfeld1979,
	Author = {Niklfeld, H},
	Journal = {Stapfia},
	Keywords = {vegsoup-data; vegetation; eastern Alps; rock vegetation, endemism; biogeography; Juniperus sabina; Staphylea pinnata; Tilio platyphylli-Acerion pseudoplatani},
	Pages = {1-229},
	Publisher = {Botanische Arbeitsgemeinschaft am O{\"O}. Landesmuseum Linz},
	Title = {Vegetationsmuster und Arealtypen der montanen Trockenflora in den nord{\"o}stlichen Alpen},
	Volume = {4},
	Year = {1979}}
