@article{Dirnboeck1999,
	Author = {Dirnböck, T and Dullinger, S and Gottfried, M and Grabherr, G},
	Journal = {Mitteilungen des naturwissenschaftlichen Vereins für Steiermark},
	Pages = {111-251},
	Title = {Die Vegetation des Hochschwab (Steiermark) - Alpine und Subalpine Stufe},
	Volume = {129},
	Year = {1999},
	Url = {http://www.zobodat.at/stable/pdf/MittNatVerSt_129_0111-0251.pdf}
}
