@unpublished{Staudinger001,
	Author = {Staudinger,M},
	Institution = {im Auftrag des Amts der Burgenländischen Landesregierung},
	Keywords = {vegsoup-data, tvcode001},
	Note = {Kartierung der FFH-Lebensraumtypen im Natura-2000 Gebiet »Südburgenländisches Hügel- und Terrassenland«},
	Title = {Südburgenland},
	Year = {2011-2012}}

@unpublished{Staudinger014-017,
	Author = {Staudinger,M},
	Institution = {im Auftrag des Amts der Burgenländischen Landesregierung},
	Keywords = {vegsoup-data, tvcode014, tvcode015, tvcode016, tvcode017},
	Note = {Erfassung der FFH-Lebensraumtypen und Erstellung eines Managementplans für die Natura 2000 Gebiete Parndorfer Heide, Zurndorfer Eichenwald, Naturwaldreservat Lange Leiten bei Neckenmarkt sowie Zickenbachtal (Burgenland)},
	Title = {Burgenland},
	Year = {2005}}
