@unpublished{fb,
	Author = {Eberl, T},
	Keywords = {vegsoup-data},
	Note = {Alpine grasslands near house Fallbichl next to the Gro√üglockner Hochalpenstrasse (Carinthia, Austria)},
	Title = {Fallbichl},
	Year = {2010}}
