@mastersthesis{Medicus2010,
	Author = {Medicus, U},
	School = {University of Salzburg},
	Title = {Wiesen und Hecken als Quelle von nutzbaren Wildpflanzen einst und jetzt},
	Year = {2010}}
