@article{Morton1947,
	Author = {Morton,F},
	Journal = {Arbeiten der Botanischen Station in Hallstatt},
	Pages = {1-17},
	Title = {{\"U}ber das Vorkommen von Juniperus sabina L. im Salzkammergute, Vorarbeiten zu einer Pflanzengeographie des Salzkammergutes},
	Volume = {7},
	Year = {1947}
}
