@article{Hoerandl1991,
	Author = {Hörandl, E},
	Journal = {Mitteilungen des naturwissenschaftlichen Vereins für Steiermark},
	Pages = {199-205},
	Title = {Beiträge zur Kenntnis von Verbreitung und ökologie von Draba sauteri (Brassicaceae)},
	Volume = {121},
	Year = {1991},
}