@unpublished{bu,
	Author = {Kaiser, R},
	Note = {Rock shrubery on rock Bugstall near PÃ¼rg (Styria, Austria)},
	Title = {Burgstall},
	Year = {2007}}
