@unpublished{bm,
	Author = {Kaiser, R},
	Note = {Wet meadows on cut-over peatland in the B{\"u}rmooser Moor protected area (Salzburg, Austria)},
	Title = {B{\"u}rmoos},
	Year = {2007-2013}}
