@unpublished{bh,
	Author = {Kaiser, R and Eberl, T},
	Note = {Dry rocky grassland in the Salzach valley near Duttendorf (Upper Austria, Austria)},
	Title = {Burghausen},
	Year = {2007}}
