@unpublished{tc,
	Author = {Kaiser, R and Eberl, T},
	Note = {Forest, dry calcareous grassland, and mire on the hill toes of mount Tschirgant and at the Gurglbach valley near Nassereith (Tyrol, Austria)},
	Title = {Tschirgant},
	Year = {2006-2007}}
