@unpublished{ts,
	Author = {Kaiser, R and Eberl, T and Stadler, E},
	Note = {Linden-Mischwälder und deren Kontaktgesellschaften am Traunsee (Oberösterreich, österreich)},
	Title = {Traunsee},
	Year = {2014}}
