@unpublished{Staudinger020,
	Author = {Staudinger,M},
	Institution = {im Auftrag der via Donau -- Österreichische Wasserstraßen GmbH},
	Keywords = {vegsoup-data, tvcode020},
	Note = {Kartierung und Anlage von Monitoringflächen im Bereich »Uferrückbau Hainburg« und »Johler Arm« im Zuge des Beweissicherungsverfahrens des Flußbaulichen Gesamtprojektes Donau },
	Title = {Hainburg},
	Year = {2006-2007}}
