@techreport{Brunner2011,
	Author = {Brunner, H and Frie{\ss}, T},
	Institution = {{\"O}KOTEAM -- Institut f{\"u}r Tier{\"o}kologie und Naturraumplanung},
	Title = {Klimaschutz im Kleinen: Unterk{\"u}hlte Blockschutthalden als zunehmend schutzbed{\"u}rftige R{\"u}ckzugslebensr{\"a}ume einer k{\"a}lteliebenden Kleintierfauna},
	Year = {2011}}
