@unpublished{wk,
	Author = {Kaiser, R and Eberl, T},
	Note = {Hard wood alluvial forest along the Traun river near Weißkirchen (Upper Austria)},
	Title = {Weißkirchen},
	Year = {2011}}
