@article{Griehser1993,
	Author = {Griehser, B and Wittmann, H},
	Journal = {Wissenschaftliche Mitteilungen aus dem Nationalpark Hohe Tauern (österreich)},
	Pages = {64-71},
	Title = {Braya alpina - floristischer Neufund für das Bundesland Salzburg (österreich)},
	Volume = {1},
	Year = {1993},
	Url = {http://www.zobodat.at/stable/pdf/WissMittHoheTauern_1_0064-0071.pdf}
}
