@unpublished{rb,
	Author = {Kaiser, R},
	Note = {Forest at mount Rainberg (Salzbueg, Austria)},
	Title = {Rainberg},
	Year = {2014}}
