@unpublished{ch,
	Author = {Green, A},
	Note = {Lichens at Cape Hallet (Antarctica)},
	Title = {Cape Hallet},
	Year = {2004}}
