@article{Diewald2005,
	Author = {Diewald, W and Merschel, A and Schleier, V and Sichler, M},
	Journal = {Beiträge zur Naturkunde Oberösterreichs},
	Pages = {397-409},
	Title = {Carex maritima Gunnerus, Ranunculus seguieri Villars und andere floristische Beobachtungen aus der Gemeinde Hinterstoder (Oberösterreich)},
	Volume = {14},
	Year = {2005},
	}
