@InCollection{Gruber2006,
	Author = {Gruber, J P},
	Booktitle = {Dissertationes Botanicae},
	Publisher = {J. Cramer},
	Pages = {175},
	Title = {Juncus arcticus WILLD. (Juncaceae) -Ökologische, populationsbiologische und genetische Untersuchungen eines Glazialreliktes in den österreichischen Ostalpen und in ausgew{\"a}hlten Populationen der S{\"u}dalpen},
	Volume = {399},
	Year = {2006}}
