@unpublished{ww,
	Author = {Kaiser, R},
	Note = {Wet meadow and grassland around Weitwörth (Salzburg, Austria)},
	Title = {Weitwörth},
	Year = {2013-2014}}
