@unpublished{sm,
	Author = {Kaiser, R},
	Note = {Alpine grassland at the Steinernes Meer massif (Salzburg, Austria)},
	Title = {Steinernes Meer},
	Year = {2012}}
