@unpublished{yb,
	Author = {Schneemann, Y},
	Note = {Landscape survey along the lower cource of the Ybbs river (Upper Austria, Austria)},
	Title = {Ybbs},
	Year = {2011}}
