@article{Franz:2000,
	Author = {Franz, W R},
	Journal = {Wulfenia},
	Pages = {57-81},
	Title = {Die Gesellschaft der Starren Segge und der Alpenazalee (Carici bigelowii-Loiseleurietum procumbentis ass. nov.) -- Eine Zwergstrauch-Reliktgesellschaft der Saualpe und der Seetaler Alpen (K{\"a}rnten/Steiermark)},
	Volume = {7},
	Year = {2000},
	}
