@unpublished{sr,
	Author = {Kaiser, R and Eberl, T},
	Note = {Forest, forest fringes and dry calcareous grassland in The Salzach valley near Sankt Radegund (Upper Austra, Austria)},
	Title = {Sankt Radegund},
	Year = {2013-2014}}
