@unpublished{Stadler:1991,
	Author = {Stadler, I},
	Note = {Gutachten im Auftrag des Vereins Nationalpark Kalkalpen},
	Title = {Vegetationskartierung im Reichraminger Hintergebirge Teil1: {\"O}stlicher abschnitt bis zur Haselschlucht},
	Year = {1991},
}
