@article{Wittmann:1997,
	Author = {Wittmann, H and Pilsl, P},
	Journal = {Linzer biologische Beitr{\"a}ge},
	Number = {1},
	Pages = {385-506},
	Title = {Beitr{\"a}ge zur Flora des Bundeslandes Salzburg II},
	Volume = {29},
	Year = {1997}}
