@unpublished{Stadler:1992,
	Author = {Stadler, I},
	Note = {Gutachten Im Auftrag des Bundesministeriums für Umwelt, Jugend und Familie},
	Title = {Vegetationskartierung im Reichraminger Hintergebirge Teil 2: Mittlerer Abschnitt westlich bis Höhe Wohlführeralm},
	Year = {1992},
}
