@unpublished{nb,
	Author = {Wittmann, H and Kaiser, R and Eberl, T and Krisai, R},
	Note = {Alpine pioneer formations of the Caricion bicoloris-atrofuscae in the Biospherenpark Nockberge (Carinthia, Austria) – Botanical survey on behalf of the provincial government of Carinthia},
	Title = {Nockberge},
	Year = {2014}}
	
@techreport{Wittmann2014,
	Author = {Wittmann, H and Eberl, T and Kaiser, R and Krisai, R and Rücker, T},
	Note = {Gutachten im Auftrag des Amtes der Kärnter Landesregierung},
	Institution = {Institut für Ökologie, Salzburg},
	Title = {Kartierung, Detailerfassung und Abgrenzung der alpinen Schwemmländer im Nationalpark Nockberge, in den östlichen Gurktaler Alpen, außerhalb des Nationalparks Nockberge und im hinteren Pöllatal},
	Year = {2014}}

