@unpublished{rx,
	Author = {Kaiser, R},
	Note = {Alpine grasslands and tundra on the Rax massif (Lower Austria, Austria)},
	Title = {Rax},
	Year = {2012}}
