@unpublished{hk,
	Author = {Kaiser, R and Blaschka, A},
	Note = {Coniferous forest, Krummholz and Alpine grassland and tundra around mount Hauser Kaibling (Styria, Austria)},
	Title = {Hauser Kaibling},
	Year = {2011}}
