@InCollection{Isda1986,
	Author = {Isda, M},
	Editor = {Wagner, H and FÃ¼rnkranz, D},
	Booktitle = {Sauteria},
	Pages = {239-255},
	Publisher = {Abakus Verlag, Salzburg, A},
	Title = {Zur Soziologie der Festuca norica-Hochgraswiesen der Ostalpen},
	Volume = {1},
	Year = {1986},
	Url = {http://www.zobodat.at/stable/pdf/Sauteria_1_0239-0255.pdf}
	}