@mastersthesis{Eckkrammer:2003,
	Author = {Eckkrammer, M U},
	School = {University of Salzburg},
	Title = {Areale und Standorte von Gebirgspflanzen: Pflanzen in der montanen Stufe des Salzburger Alpenvorlandes und Umgebung},
	Year = {2003}}

@mastersthesis{Hlousek:1998,
	Author = {Hlousek, R},
	School = {University of Salzburg},
	Title = {Vegetations{\"o}kologie und Wuchsverhalten von ausgew{\"a}hlten Pflanzen an Felsstandorten},
	Year = {1998}}


@mastersthesis{Kaiser:1983,
	Author = {Kaiser, K},
	School = {University of Salzburg},
	Title = {Die Vegetationsverh{\"a}ltnisse des Schafberggebietes},
	Year = {1983}}
	

@mastersthesis{Geyer:1993,
	Author = {Geyer, S},
	School = {University of Salzburg},
	Title = {Felsspaltengesellschaften in der Montanstufe auf Kalk und Dolomit},
	Year = {1993}}

@article{Lippert:1966,
	Author = {Lippert, W},
	Journal = {Berichte der Bayerischen Botanischen Gesellschaft},
	Pages = {67-122},
	Title = {Die Pflanzengesellschaften des Naturschutzgebietes Berchtesgaden},
	Volume = {39},
	Year = {1966}}

@unpublished{Eichberger:1993,
	Author = {Eichberger, C},
	Note = {56602-0058, 56602-0073},
	Title = {Biotopkartierung Salzburg}}

@unpublished{Eichberger:2001,
	Author = {Eichberger, C & Frank, ? 2001},
	Note = {56102-0130},
	Title = {Biotopkartierung Salzburg}}
	
@unpublished{Grabner:1994,
	Author = {Grabner, S and Heiselmayer, P},
	Note = {56109-0034},
	Title = {Biotopkartierung Salzburg}}	