@unpublished{kn,
	Author = {Eberl, T},
	Note = {Mires at mount Kniestichkogel (Salzburg, Austria)},
	Title = {Kniestichkogel},
	Year = {2012}}
