@unpublished{Staudinger022,
	Author = {Staudinger,M},
	Institution = {im Auftrag der Gemeinde Fischamend},
	Keywords = {vegsoup-data, tvcode022},
	Note = {Naturschutzfachliche Beurteilung f√ºr den Donauhochwasserschutz Fischamend},
	Title = {Fischamend},
	Year = {2008}}
