@unpublished{uh,
	Author = {Kaiser, R and Eberl, T},
	Note = {Managed forest at mount Urhamerberg in the Hausruckviertel (Upper Austria, Austria)},
	Title = {Urhamerberg},
	Year = {2015}}
