@unpublished{pb,
	Author = {Kaiser, R},
	Note = {Thermophilous forest at mount Petersberg (Bavaria)},
	Title = {Petersberg},
	Year = {2015}}
