@unpublished{im,
	Author = {Kaiser, R},
	Note = {Dry calcareous grassland and forest in the Ibmer Moos region (Upper Austria, Austria) },
	Title = {Ibmer Moos},
	Year = {2014-2014}}
