@unpublished{kb,
	Author = {Kaiser, R},
	Note = {Forests and rock shrubery on mount Kapuzinerberg (Salzburg, Austria)},
	Title = {Kapuzinerberg},
	Year = {2012-2014}}
