@unpublished{Staudinger012,
	Author = {Staudinger,M},
	Institution = {im Auftrag der freiland Umweltconsulting ZT GmbH},
	Keywords = {vegsoup-data, tvcode012},
	Note = {Bearbeitung des FFH-LRT 9180 Schlucht und Hangmischw{\"a}lder (Tilio-Acerion) in Ost{\"o}sterreich im Rahmen der Basiserhebung von Lebensraumtypen und Arten von gemeinschaftlicher Bedeutung in {\"O}sterreich},
	Title = {Schluchtw{\"a}lder Ost-{\"O}sterreich},
	Year = {2012}}
