@mastersthesis{Stadler2011,
	Author = {Stadler, E},
	School = {University of Salzburg},
	Title = {Die Vegetation des Traunsteins},
	Year = {(2011) unfinished}}
