@unpublished{Staudinger098,
	Author = {Staudinger,M},
	Institution = {im Auftrag der Josef Fr{\"o}stl GmbH},
	Keywords = {vegsoup-data, tvcode001},
	Note = {Vegetations{\"o}kologische Beurteilung des geplanten Naturdenkmals »Nackter Sattel« bei Gie{\ss}h{\"u}bel (Nieder{\"o}stereich)},
	Title = {Nackter Sattel},
	Year = {2004}}
