@unpublished{sh,
	Author = {Kaiser, R and Eberl, T},
	Note = {Hard wood alluvial forest along the Traun river near Schleißheim (Upper Austria)},
	Title = {Schleißheim},
	Year = {2011}}
