@unpublished{mh,
	Author = {Kaiser, R},
	Note = {Forest at Morzger (Montforter) Hügel in the south of city of Salzburg (Salzburg, Austria)},
	Title = {Morzger Hügel},
	Year = {2014}}
