@unpublished{fu,
	Author = {Eberl, T},
	Note = {Beech forests and restoration sites on the pass between Fuschl See and Wolfgang See (Salzburg, Austria)},
	Title = {Fuschl},
	Year = {2008}}
