@unpublished{go,
	Author = {Kaiser, R},
	Note = {Thermophilous forests around Golling (Salzburg, Austria)},
	Title = {Golling},
	Year = {2014}}
