@unpublished{Staudinger018,
	Author = {Staudinger,M},
	Institution = {Im Auftrag des Amts der Oberösterreichischen Landesregierung},
	Keywords = {vegsoup-data, tvcode018},
	Note = {Kartierung im Rahmen des Qualitätsmanagement in Naturschutzgebieten -- Projektgebiet Moore in den Bezirken Kirchdorf und Steyr-Land},
	Title = {Moore Kirchdorf und Steyr-Land},
	Year = {2012}}
