@article{Urban1992,
	Author = {Urban, R and Mayer, A},
	Journal = {Berichte der Bayerischen Botanischen Gesellschaft},
	Pages = {175-190},
	Title = {Floristische und vegetationskundliche Besonderheiten aus den Bayerischen Alpen â€“ Funde im Rahmen der Alpenbiotopkartierung Teil 1},
	Volume = {63},
	Year = {1992},
	Url = {http://www.bbgev.de/berichte/063_1992/flora_bayr_alpen.pdf}
}
