@unpublished{Staudinger008,
	Author = {Staudinger,M},
	Institution = {im Auftrag des Magistrats der Stadt Wien (MA 22)},
	Keywords = {vegsoup-data, tvcode008},
	Note = {Kartierung und inhaltliche Bearbeitung des 18. und 19. Wiener Gemeindebezirks im Rahmen der Biotoptypenkartierung Wien},
	Title = {Wien},
	Year = {2010}}
