@unpublished{Staudinger011,
	Author = {Staudinger,M},
	Institution = {im Auftrag des Amts der Burgenl{\"a}ndischen Landesregierung},
	Keywords = {vegsoup-data, tvcode011},
	Note = {Kartierung der FFH-Lebensraumtypen im Natura-2000 Gebiet »Neusiedlersee - Seewinkel«},
	Title = {Neusiedlersee},
	Year = {2009-2010}}
