@unpublished{gk,
	Author = {Kaiser, R},
	Note = {Alpine Tundra at mount Gernkogel (Salzburg, Austria)},
	Title = {Gernkogel},
	Year = {2012}}
