@article{Roithinger1996,
	Author = {Roithinger, G},
	Journal = {Stapfia},
	Pages = {81-197},
	Title = {Die Vegetation ausgewählter Dachstein-Almen (Oberösterreich) und ihre Veränderung nach Auflassung},
	Volume = {43},
	Year = {1996},
	Url = {http://www.zobodat.at/stable/pdf/STAPFIA_0043_0081-0197.pdf}
}
