@unpublished{bt,
	Author = {Kaiser, R},
	Note = {Beech and ravine forest in the Bluntautal valley (Salzburg, Austria)},
	Title = {Bluntautal},
	Year = {2015}}
