@unpublished{Staudinger207,
	Author = {Staudinger,M},
	Institution = {im Auftrag der F{\"u}rst Esterhazy`schen Privatstiftung Lockenhaus},
	Keywords = {vegsoup-data, tvcode207},
	Note = {Detailkartierung zur Naturvertr{\"a}glichkeitserkl{\"a}rung »Erweiterung Steinbruch Pilgersdorf«},
	Title = {Pilgersdorf},
	Year = {2013}}
