@unpublished{pg,
	Author = {Kaiser, R and Eberl, T},
	Note = {Meadows around Neumarkt am Wallersee (Salzburg , Austria)},
	Title = {Pfongau},
	Year = {2015}}
