@article{Chytry1997,
	Author = {Chytr{\'y}, M. and S{\'a}dlo J.},
	Journal = {Annali di Botanica},
	Keywords = {Central Europe; phytosociology; phytosociological data; ravine forest; relict plant community},
	Pages = {105-126},
	Title = {Tilia-dominated calcicolous forests in the Czech Republic from a Central European perspective},
	Volume = {55},
	Year = {1997},
}
