@article{Dunzendorfer:1980,
	Author = {Dunzendorfer, W},
	Journal = {Naturkundliches Jahrbuch der Stadt Linz},
	Pages = {13-30},
	Title = {Felssteppen und Wälder der "Urfahrerwänd" (Donaudurchbruch bei Linz)},
	Volume = {26},
	Year = {1980},
	Url = {http://www.zobodat.at/stable/pdf/NKJB_26_0013-0030.pdf}
}
