@unpublished{od,
	Author = {Kaiser, R},
	Note = {Forest and dry calcareous grassland around Oberndorf bei Salzburg (Salzburg, Austria)},
	Title = {Oberndorf},
	Year = {2014}}
