@article{Strauch2010,
	Author = {Strauch, M},
	Journal = {Stapfia},
	Pages = {1-136},
	Title = {Die laubholzreichen Au-, Feucht- und Hangwälder Oberösterreichs. ökologie, Vegetation, Nutzung, Naturschutz un Rote Liste},
	Volume = {93},
	Year = {2010},
	Url = {http://www.landesmuseum.at/pdf_frei_remote/stapfia_supp/Stapfia93.zip}
}
