@unpublished{aw,
	Author = {Kaiser, R and Eberl, T},
	Note = {relevees aw06 to aw15 were collected on behalf of Fa. Gruber Ges.m.b.H, Gro{\ss}arl, Austria},
	Title = {Rock and forest vegetation around Alte Wacht (Gasteinertal), Austria},
	Year = {2011-2014}}
