@unpublished{gs,
	Author = {Kaiser, R and Eberl, T},
	Note = {Fir forest at mount Geschriebenstein (Burgenland, Austria)},
	Title = {Geschriebenstein},
	Year = {2013}}
