@unpublished{gu,
	Author = {Kaiser, R},
	Keywords = {vegsoup-data: phytosociological data},
	Note = {Forests along the Traun river in the municiplaity of Gunskirchen (Upper Austria, Austria)},
	Title = {Gunskirchen},
	Year = {2013-2014}}
