@article{Karrer1985,
	Author = {Karrer,G},
	Journal = {Stapfia},
	Pages = {85-103},
	Title = {Waldgrenzstandorte an der Thermenlinie (Nieder{\"o}sterreich)},
	Volume = {14},
	Year = {1985}
}