@article{Exner2004,
	Author = {Exner, A and Willner, W},
	Journal = {Haquetia},
	Number = {1},
	Pages = {27-47},
	Title = {New syntaxa of shrub and pioneer forest communities in Asutria},
	Volume = {3},
	Year = {2004}
}

@article{Karrer1985,
	Author = {Karrer,G},
	Journal = {Stapfia},
	Pages = {85-103},
	Title = {Waldgrenzstandorte an der Thermenlinie (Nieder{\"o}sterreich)},
	Volume = {14},
	Year = {1985}
}

@article{Morton1947,
	Author = {Morton,F},
	Journal = {Arbeiten der Botanischen Station in Hallstatt},
	Pages = {1-17},
	Title = {{\"U}ber das Vorkommen von \textit{Juniperus sabina} L. im Salzkammergute, Vorarbeiten zu einer Pflanzengeographie des Salzkammergutes},
	Volume = {7},
	Year = {1947}
}


@article{Morton1950,
	Author = {Morton,F},
	Journal = {Arbeiten der Botanischen Station in Hallstatt},
	Pages = {1-17},
	Title = {Weitere Untersuchungen {\"u}ber das Vorkommen von \textit{Juniperus sabina} L. im Salzkammergute, vierte Mitteilung},
	Volume = {96},
	Year = {1950}
}


@incollection{Niklfeld1979,
	Author = {Niklfeld,H.},
	Booktitle = {Stapfia},
	Pages = {229},
	Publisher = {Botanische Arbeitsgemeinschaft am O{\"O}. Landesmuseum Linz},
	Title = {Vegetationsmuster und Arealtypen der montanen Trockenflora in den nord{\"o}stlichen Alpen},
	Volume = {4},
	Year = {1979}
}
