@unpublished{tg,
	Author = {Kaiser, R},
	Note = {Alpine grasslands and tundra on the Totes Gebirge massif (Upper Austria, Austria)},
	Title = {Totes Gebirge},
	Year = {2007}}
