@article{Springer1990,
	Author = {Springer, S},
	Journal = {Berichte der Bayerischen Botanischen Gesellschaft},
	Pages = {203-215},
	Title = {Seltene Pflanzengesellschaften im Alpenpark Berchtesgaden},
	Volume = {61},
	Year = {1990},
	Url = {http://www.bbgev.de/berichte/061_1990/flora_alpenpark_berchtesgaden.pdf}
}
