@unpublished{th,
	Author = {Kaiser, R},
	Note = {Meadows around Thalgau (Salzburg, Austria)},
	Title = {Thalgau},
	Year = {2015}}
