@INPROCEEDINGS{Gruber1998,
  author = {Sobotik, Monika and Christa Poppelbaum and Gruber, Leonhard},
  title = {Die Pflanzenbestände der Versuchsflächen des Höhenprofils Johnsbach},
  booktitle = {Tagungsband zum 4. Alpenländischen Expertenforum ``Zeitgemäße Almbewirtschaftung
	sowie Bewertung von Almflächen und Waldweiden'', am 24. und 25. März
	1998},
  year = {1998},
  address = {Irdning, \"{O}sterreich},
  publisher = {Bundesanstalt für Alpenländische Landwirtschaft Gumpenstein, A-8952
	Irdning}
}
