@unpublished{mb,
	Author = {Kaiser, R},
	Note = {Forests at mount M{\"o}nchsberg (Salzburg, Austria)},
	Title = {M{\"o}nchsberg},
	Year = {2014}}

