@unpublished{lb,
	Author = {Kaiser, R and Eberl, T},
	Note = {Hard wood alluvial forest along the Traun river near Lambach (Upper Austria, Austria)},
	Title = {Lambach},
	Year = {2008}}
