@unpublished{ri,
	Author = {Kaiser, R and Eberl, T},
	Note = {Alluvial forest and meadow along the Salzach river near Riedersbach (Upper Austria, Austria)},
	Title = {Riedersbach},
	Year = {2012}}
